                @article{rathouz2009generalized,
                    title={{Generalized linear models with unspecified reference distribution}},
                    author={Rathouz, Paul J and Gao, Liping},
                    journal={Biostatistics},
                    volume={10},
                    number={2},
                    pages={205--218},
                    year={2009},
                    publisher={Oxford University Press}
                  }

                  @article{wurm2018semiparametric,
                    title={{Semiparametric generalized linear models with the gldrm package}},
                    author={Wurm, Michael J and Rathouz, Paul J},
                    journal={The R journal},
                    volume={10},
                    number={1},
                    pages={288},
                    year={2018},
                    publisher={NIH Public Access}
                  }

                  @article{mccullagh1989generalized,
                    title={{Generalized linear models 2nd edition chapman and hall}},
                    author={McCullagh, Peter and Nelder, John A},
                    journal={London, UK},
                    year={1989}
                  }

                  @article{soldo1997asset,
                    title={{Asset and health dynamics among the oldest old: An overview of the AHEAD study}},
                    author={Soldo, Beth J and Hurd, Michael D and Rodgers, Willard L and Wallace, Robert B and others},
                    journal={Journals of Gerontology Series B},
                    volume={52},
                    pages={1--20},
                    year={1997},
                    publisher={GERONTOLOGICAL SOCIETY OF AMERICA}
                  }

                  @article{casella1996rao,
                    title={{Rao-Blackwellisation of sampling schemes}},
                    author={Casella, George and Robert, Christian P},
                    journal={Biometrika},
                    volume={83},
                    number={1},
                    pages={81--94},
                    year={1996},
                    publisher={Oxford University Press}
                  }

                  @book{van2000asymptotic,
                    title={{Asymptotic statistics}},
                    author={Van der Vaart, Aad W},
                    volume={3},
                    year={2000},
                    publisher={Cambridge university press}
                  }

                  @article{gelfand1999identifiability,
                    title={{Identifiability, improper priors, and Gibbs sampling for generalized linear models}},
                    author={Gelfand, Alan E and Sahu, Sujit K},
                    journal={Journal of the American Statistical Association},
                    volume={94},
                    number={445},
                    pages={247--253},
                    year={1999},
                    publisher={Taylor \& Francis}
                  }
                  @book{ghosal2017fundamentals,
                    title={{Fundamentals of nonparametric {B}ayesian inference}},
                    author={Ghosal, Subhashis and Van der Vaart, Aad},
                    volume={44},
                    year={2017},
                    publisher={Cambridge University Press}
                  }

                  @article{ferguson1973bayesian,
                    title={{A {B}ayesian analysis of some nonparametric problems}},
                    author={Ferguson, Thomas S},
                    journal={The Annals of Statistics},
                    pages={209--230},
                    year={1973},
                    publisher={JSTOR}
                  }


                  @incollection{lijoi_pruenster_2010,
                  title={{Models beyond the {D}irichlet process}, DOI={10.1017/CBO9780511802478.004}},
                  booktitle={{B}ayesian Nonparametrics},
                  publisher={Cambridge University Press},
                  author={Lijoi, Antonio and Pr{\"u}nster, Igor},
                  editor={Hjort, Nils Lid and Holmes, Chris and M{\"u}ller, Peter and Walker, Stephen G.Editors},
                  year={2010},
                  pages={80–136},
                  collection={Cambridge Series in Statistical and Probabilistic Mathematics}}

                  @incollection{ghosal_2010,
                  title={{The {D}irichlet process, related priors and posterior asymptotics}},
                  booktitle={{B}ayesian Nonparametrics},
                  publisher={Cambridge University Press},
                  author={Lijoi, Antonio and Pr{\"u}nster, Igor},
                  editor={Hjort, Nils Lid and Holmes, Chris and M{\"u}ller, Peter and Walker, Stephen G.Editors},
                  year={2010},
                  pages={35–79},
                  collection={Cambridge Series in Statistical and Probabilistic Mathematics}}

                  @article{GreenRichardson01,
                   author = {Peter J. Green and Sylvia Richardson},
                   journal = {Scandinavian Journal of Statistics},
                   number = {2},
                   pages = {355--375},
                   publisher = {[Board of the Foundation of the Scandinavian Journal of Statistics, Wiley]},
                   title = {{Modelling Heterogeneity with and without the {D}irichlet Process}},
                   urldate = {2023-10-20},
                   volume = {28},
                   year = {2001}
                  }

                  @article{quintana2022dependent,
                    title={{The dependent {D}irichlet process and related models}},
                    author={Quintana, Fernando A and M{\"u}ller, Peter and Jara, Alejandro and MacEachern, Steven N},
                    journal={Statistical Science},
                    volume={37},
                    number={1},
                    pages={24--41},
                    year={2022},
                    publisher={Institute of Mathematical Statistics}
                  }

                  @techreport{maceachern;2000,
                       author = {MacEachern, S N},
                       title = {{Dependent {D}irichlet processes}},
                       institution = {Department of Statistics, The Ohio State University},
                       year = 2000
                       }

                  @article{huang2014joint,
                    title={{Joint estimation of the mean and error distribution in generalized linear models}},
                    author={Huang, Alan},
                    journal={Journal of the American Statistical Association},
                    volume={109},
                    number={505},
                    pages={186--196},
                    year={2014},
                    publisher={Taylor \& Francis}
                  }

                  @article{maronge2023generalized,
                    title={{Generalized case-control sampling under generalized linear models}},
                    author={Maronge, Jacob M and Tao, Ran and Schildcrout, Jonathan S and Rathouz, Paul J},
                    journal={Biometrics},
                    volume={79},
                    number={1},
                    pages={332--343},
                    year={2023},
                    publisher={Wiley Online Library}
                  }

                  @article{DirSPGLM,
                    title={{Dir-SPGLM: A Bayesian semiparametric GLM with data-driven reference distribution}},
                    author={Alam, Entejar and Müller, Peter and Rathouz, Paul J.},
                    journal={},
                    volume={},
                    number= {},
                    pages={},
                    year={2024},
                    publisher={}
                  }

                  @article{hrs,
                    title={{Health and Retirement Study, (AHEAD 1993 Core) Public Use Dataset. Produced and distributed by the University of Michigan with
                  funding from the National Institute on Aging (grant number NIA U01AG009740). Ann Arbor, MI}},
                    author={HRS},
                    journal={},
                    volume={},
                    number={},
                    pages={},
                    year={1993},
                    publisher={}
                  }

                  @article{kossin2020global,
                    title={{Global increase in major tropical cyclone exceedance probability over the past four decades}},
                    author={Kossin, James P and Knapp, Kenneth R and Olander, Timothy L and Velden, Christopher S},
                    journal={Proceedings of the National Academy of Sciences},
                    volume={117},
                    number={22},
                    pages={11975--11980},
                    year={2020},
                    publisher={National Acad Sciences}
                  }

                  @article{tajima2021empirical,
                    title={{An Empirical Method for Estimating Source Vicinity Ground-Motion Levels on Hard Bedrock and Annual Exceedance Probabilities for Inland Crustal Earthquakes with Sources Difficult to Identify in Advance}},
                    author={Tajima, Reiko and Tanaka, Hiroto and Wu, Changjiang},
                    journal={Bulletin of the Seismological Society of America},
                    volume={111},
                    number={5},
                    pages={2408--2425},
                    year={2021},
                    publisher={Seismological Society of America}
                  }

                  @article{paul2021dynamics,
                    title={{Dynamics of Covid-19 mortality and social determinants of health: a spatiotemporal analysis of exceedance probabilities}},
                    author={Paul, Rajib and Adeyemi, Oluwaseun and Ghosh, Subhanwita and Pokhrel, Kamana and Arif, Ahmed A},
                    journal={Annals of Epidemiology},
                    volume={62},
                    pages={51--58},
                    year={2021},
                    publisher={Elsevier}
                  }

                  @article{taylor2016using,
                    title={{Using auto-regressive logit models to forecast the exceedance probability for financial risk management}},
                    author={Taylor, James W and Yu, Keming},
                    journal={Journal of the Royal Statistical Society Series A: Statistics in Society},
                    volume={179},
                    number={4},
                    pages={1069--1092},
                    year={2016},
                    publisher={Oxford University Press}
                  }

                  @article{riley2021minimum,
                    title={{Minimum sample size for external validation of a clinical prediction model with a binary outcome}},
                    author={Riley, Richard D and Debray, Thomas PA and Collins, Gary S and Archer, Lucinda and Ensor, Joie and van Smeden, Maarten and Snell, Kym IE},
                    journal={Statistics in medicine},
                    volume={40},
                    number={19},
                    pages={4230--4251},
                    year={2021},
                    publisher={Wiley Online Library}
                  }

                  @article{archer2021minimum,
                    title={{Minimum sample size for external validation of a clinical prediction model with a continuous outcome}},
                    author={Archer, Lucinda and Snell, Kym IE and Ensor, Joie and Hudda, Mohammed T and Collins, Gary S and Riley, Richard D},
                    journal={Statistics in Medicine},
                    volume={40},
                    number={1},
                    pages={133--146},
                    year={2021},
                    publisher={Wiley Online Library}
                  }

                  @article{riley2019minimumII,
                    title={{Minimum sample size for developing a multivariable prediction model: PART II-binary and time-to-event outcomes}},
                    author={Riley, Richard D and Snell, Kym IE and Ensor, Joie and Burke, Danielle L and Harrell Jr, Frank E and Moons, Karel GM and Collins, Gary S},
                    journal={Statistics in medicine},
                    volume={38},
                    number={7},
                    pages={1276--1296},
                    year={2019},
                    publisher={Wiley Online Library}
                  }

                  @article{riley2019minimumI,
                    title={Minimum sample size for developing a multivariable prediction model: Part I--Continuous outcomes},
                    author={Riley, Richard D and Snell, Kym IE and Ensor, Joie and Burke, Danielle L and Harrell Jr, Frank E and Moons, Karel GM and Collins, Gary S},
                    journal={Statistics in medicine},
                    volume={38},
                    number={7},
                    pages={1262--1275},
                    year={2019},
                    publisher={Wiley Online Library}
                  }

                  @article{regazzini2003distributional,
                    title={{Distributional results for means of normalized random measures with independent increments}},
                    author={Regazzini, Eugenio and Lijoi, Antonio and Pr{\"u}nster, Igor},
                    journal={The Annals of Statistics},
                    volume={31},
                    number={2},
                    pages={560--585},
                    year={2003},
                    publisher={Institute of Mathematical Statistics}
                  }

                  @article{james2009posterior,
                    title={{Posterior analysis for normalized random measures with independent increments}},
                    author={James, Lancelot F and Lijoi, Antonio and Pr{\"u}nster, Igor},
                    journal={Scandinavian Journal of Statistics},
                    volume={36},
                    number={1},
                    pages={76--97},
                    year={2009},
                    publisher={Wiley Online Library}
                  }

                  @article{sethuraman1994constructive,
                    title={{A constructive definition of Dirichlet priors}},
                    author={Sethuraman, Jayaram},
                    journal={Statistica sinica},
                    pages={639--650},
                    year={1994},
                    publisher={JSTOR}
                  }

                  @article{kingman1967completely,
                    title={{Completely random measures}},
                    author={Kingman, John},
                    journal={Pacific Journal of Mathematics},
                    volume={21},
                    number={1},
                    pages={59--78},
                    year={1967},
                    publisher={Mathematical Sciences Publishers}
                  }

                  @article{gelfand2005bayesian,
                    title={{Bayesian nonparametric spatial modeling with Dirichlet process mixing}},
                    author={Gelfand, Alan E and Kottas, Athanasios and MacEachern, Steven N},
                    journal={Journal of the American Statistical Association},
                    volume={100},
                    number={471},
                    pages={1021--1035},
                    year={2005},
                    publisher={Taylor \& Francis}
                  }

                  @article{de2004anova,
                    title={{An ANOVA model for dependent random measures}},
                    author={De Iorio, Maria and M{\"u}ller, Peter and Rosner, Gary L and MacEachern, Steven N},
                    journal={Journal of the American Statistical Association},
                    volume={99},
                    number={465},
                    pages={205--215},
                    year={2004},
                    publisher={Taylor \& Francis}
                  }

                  @article{duan2007generalized,
                    title={{Generalized spatial Dirichlet process models}},
                    author={Duan, Jason A and Guindani, Michele and Gelfand, Alan E},
                    journal={Biometrika},
                    volume={94},
                    number={4},
                    pages={809--825},
                    year={2007},
                    publisher={Oxford University Press}
                  }

                  @article{griffin2010bayesian,
                    title={{Bayesian nonparametric modelling with the Dirichlet process regression smoother}},
                    author={Griffin, Jim E and Steel, Mark FJ},
                    journal={Statistica Sinica},
                    pages={1507--1527},
                    year={2010},
                    publisher={JSTOR}
                  }

                  @article{ferguson1972representation,
                    title={{A representation of independent increment processes without Gaussian components}},
                    author={Ferguson, Thomas S and Klass, Michael J},
                    journal={The Annals of Mathematical Statistics},
                    volume={43},
                    number={5},
                    pages={1634--1643},
                    year={1972},
                    publisher={JSTOR}
                  }

                  @article{nieto2004normalized,
                    title={Normalized random measures driven by increasing additive processes},
                    author={Nieto-Barajas, Luis E and Pr{\"u}nster, Igor and Walker, Stephen G},
                    year={2004},
                    journal={Annals of Statistics},
                    volume={32},
                    pages={2343-2360},
                  }

                  @article{de2013gibbs,
                    title={Are Gibbs-type priors the most natural generalization of the Dirichlet process?},
                    author={De Blasi, Pierpaolo and Favaro, Stefano and Lijoi, Antonio and Mena, Rams{\'e}s H and Pr{\"u}nster, Igor and Ruggiero, Matteo},
                    journal={IEEE transactions on pattern analysis and machine intelligence},
                    volume={37},
                    number={2},
                    pages={212--229},
                    year={2013},
                    publisher={IEEE}
                  }

                  @article{lijoi&mena&pruenster:07,
                  author = {Lijoi, Antonio and Mena, Ramses H. and Pr{\"u}nster, Igor},
                  title = {Controlling the reinforcement in {B}ayesian non-parametric mixture models},
                  journal = {Journal of the Royal Statistical Society: Series B (Statistical Methodology)},
                  volume = {69},
                  number = {4},
                  publisher = {Blackwell Publishing Ltd},
                  pages = {715--740},
                  year = {2007},
                  }


                  @article{barrios&al:13,
                    author = {Barrios, E. and Nieto-Barajas, L. E. and Pr{\"u}nster, I.},
                    title = {A study of normalized random measures mixture models},
                    journal = {Statistical Science},
                    year = {2013},
                    pages = {to appear},
                  }

                  @article{favaro&teh:13,
                  	title={{MCMC} for Normalized Random Measure Mixture Models},
                  	author={S. Favaro and Y. W. Teh},
                    journal = {Statistical Science},
                    year = {2013},
                    pages = {to appear},
                  }

                  @article{Argiento:2010,
                    author = {Argiento, Raffaele and Guglielmi,  Alessandra and Pievatolo, Antonio},
                    title = {{B}ayesian density estimation and model selection using nonparametric
                  	hierarchical mixtures },
                    journal = {Computational Statistics \& Data Analysis },
                    year = {2010},
                    volume = {54},
                    pages = {816-832},
                    number = {4},
                  }

                @article{hustad:2021,
                 title={Speech development between 30 and 119 months in typical children I: Intelligibility growth curves for single-word and multiword productions},
                author={Hustad, Katherine C and Mahr, Tristan J and Natzke, Phoebe and Rathouz, Paul J},
           journal={Journal of Speech, Language, and Hearing Research},
        volume={64},
          number={10},
           pages={3707--3719},
             year={2021},
         publisher={ASHA}
          }

@article{mahr:2020,
  title={Longitudinal growth in intelligibility of connected speech from 2 to 8 years in children with cerebral palsy: A novel Bayesian approach},
  author={Mahr, Tristan J and Rathouz, Paul J and Hustad, Katherine C},
  journal={Journal of Speech, Language, and Hearing Research},
  volume={63},
  number={9},
  pages={2880--2893},
  year={2020},
  publisher={ASHA}
}